% Bibliography for gPAC manuscript

% Core PAC papers
@article{Tort2010,
    title = {Measuring phase-amplitude coupling between neuronal oscillations of different frequencies},
    author = {Tort, Adriano BL and Komorowski, Robert and Eichenbaum, Howard and Kopell, Nancy},
    journal = {Journal of Neurophysiology},
    volume = {104},
    number = {2},
    pages = {1195--1210},
    year = {2010},
    doi = {10.1152/jn.00106.2010}
}

@article{Canolty2010,
    title = {The functional role of cross-frequency coupling},
    author = {Canolty, Ryan T and Knight, Robert T},
    journal = {Trends in Cognitive Sciences},
    volume = {14},
    number = {11},
    pages = {506--515},
    year = {2010},
    doi = {10.1016/j.tics.2010.09.001}
}

@article{Jensen2007,
    title = {Cross-frequency coupling between neuronal oscillations},
    author = {Jensen, Ole and Colgin, Laura L},
    journal = {Trends in Cognitive Sciences},
    volume = {11},
    number = {7},
    pages = {267--269},
    year = {2007},
    doi = {10.1016/j.tics.2007.05.003}
}

% Neuroscience foundations
@book{Buzsaki2004,
    title = {Rhythms of the brain},
    author = {Buzs{\'a}ki, Gy{\"o}rgy},
    year = {2006},
    publisher = {Oxford University Press},
    doi = {10.1093/acprof:oso/9780195301069.001.0001}
}

@article{Tort2008,
    title = {Dynamic cross-frequency couplings of local field potential oscillations in rat striatum and hippocampus during performance of a T-maze task},
    author = {Tort, Adriano BL and Kramer, Mark A and Thorn, Catherine and Gibson, Daniel J and Kubota, Yasuo and Graybiel, Ann M and Kopell, Nancy J},
    journal = {Proceedings of the National Academy of Sciences},
    volume = {105},
    number = {51},
    pages = {20517--20522},
    year = {2008},
    doi = {10.1073/pnas.0810524105}
}

@article{Szczepanski2014,
    title = {Dynamic changes in phase-amplitude coupling facilitate spatial attention control in fronto-parietal cortex},
    author = {Szczepanski, Sara M and Crone, Nathan E and Kuperman, Rachel A and Auguste, Kurtis J and Parvizi, Josef and Knight, Robert T},
    journal = {PLoS Biology},
    volume = {12},
    number = {8},
    pages = {e1001936},
    year = {2014},
    doi = {10.1371/journal.pbio.1001936}
}

% Clinical applications
@article{deHemptinne2013,
    title = {Exaggerated phase--amplitude coupling in the primary motor cortex in Parkinson disease},
    author = {de Hemptinne, Coralie and Ryapolova-Webb, Elena S and Air, Ellen L and Garcia, Paul A and Miller, Kai J and Ojemann, Jeffrey G and Ostrem, Jill L and Galifianakis, Nicholas B and Starr, Philip A},
    journal = {Proceedings of the National Academy of Sciences},
    volume = {110},
    number = {12},
    pages = {4780--4785},
    year = {2013},
    doi = {10.1073/pnas.1214546110}
}

@article{deHemptinne2015,
    title = {Therapeutic deep brain stimulation reduces cortical phase-amplitude coupling in Parkinson's disease},
    author = {de Hemptinne, Coralie and Swann, Nicole C and Ostrem, Jill L and Ryapolova-Webb, Elena S and San Luciano, Marta and Galifianakis, Nicholas B and Starr, Philip A},
    journal = {Nature Neuroscience},
    volume = {18},
    number = {5},
    pages = {779--786},
    year = {2015},
    doi = {10.1038/nn.3997}
}

@article{Amiri2016,
    title = {Phase-amplitude coupling is elevated in deep sleep and in the onset zone of focal epileptic seizures},
    author = {Amiri, Mahmoud and Frauscher, Birgit and Gotman, Jean},
    journal = {Frontiers in Human Neuroscience},
    volume = {10},
    pages = {387},
    year = {2016},
    doi = {10.3389/fnhum.2016.00387}
}

@article{Kirihara2012,
    title = {Hierarchical organization of gamma and theta oscillatory dynamics in schizophrenia},
    author = {Kirihara, Kenji and Rissling, Anthony J and Swerdlow, Neal R and Braff, David L and Light, Gregory A},
    journal = {Biological Psychiatry},
    volume = {71},
    number = {10},
    pages = {873--880},
    year = {2012},
    doi = {10.1016/j.biopsych.2012.01.016}
}

% GPU and computational neuroscience
@article{Pachitariu2016,
    title = {Suite2p: beyond 10,000 neurons with standard two-photon microscopy},
    author = {Pachitariu, Marius and Stringer, Carsen and Dipoppa, Mario and Schr{\"o}der, Sylvia and Rossi, L Federico and Dalgleish, Henry and Carandini, Matteo and Harris, Kenneth D},
    journal = {BioRxiv},
    pages = {061507},
    year = {2016},
    doi = {10.1101/061507}
}

% PAC methodology debates
@article{Aru2015,
    title = {Untangling cross-frequency coupling in neuroscience},
    author = {Aru, Jaan and Aru, Juhan and Priesemann, Viola and Wibral, Michael and Lana, Luca and Pipa, Gordon and Singer, Wolf and Vicente, Raul},
    journal = {Current Opinion in Neurobiology},
    volume = {31},
    pages = {51--61},
    year = {2015},
    doi = {10.1016/j.conb.2014.08.002}
}

% Existing PAC software
@article{Combrisson2020,
    title = {Tensorpac: An open-source Python toolbox for tensor-based phase-amplitude coupling measurement in electrophysiological brain signals},
    author = {Combrisson, Etienne and Nest, Timothy and Brovelli, Andrea and Ince, Robin AA and Soto, Juan LP and Guillot, Aymeric and Jerbi, Karim},
    journal = {PLoS Computational Biology},
    volume = {16},
    number = {10},
    pages = {e1008302},
    year = {2020},
    doi = {10.1371/journal.pcbi.1008302}
}

% Statistical methods
@article{virtanen_scipy_2020,
    title = {SciPy 1.0: fundamental algorithms for scientific computing in Python},
    author = {Virtanen, Pauli and Gommers, Ralf and Oliphant, Travis E and Haberland, Matt and Reddy, Tyler and Cournapeau, David and Burovski, Evgeni and Peterson, Pearu and Weckesser, Warren and Bright, Jonathan and others},
    journal = {Nature Methods},
    volume = {17},
    number = {3},
    pages = {261--272},
    year = {2020},
    doi = {10.1038/s41592-019-0686-2}
}

% PyTorch (if needed for methods)
@inproceedings{paszke2019pytorch,
    title = {PyTorch: An imperative style, high-performance deep learning library},
    author = {Paszke, Adam and Gross, Sam and Massa, Francisco and Lerer, Adam and Bradbury, James and Chanan, Gregory and Killeen, Trevor and Lin, Zeming and Gimelshein, Natalia and Antiga, Luca and others},
    booktitle = {Advances in Neural Information Processing Systems},
    volume = {32},
    year = {2019}
}
